@inproceedings{PianiniSASO2010,
  author    = {Danilo Pianini and
               Sascia Virruso and
               Ronaldo Menezes and
               Andrea Omicini and
               Mirko Viroli},
  title     = {Self Organization in Coordination Systems Using a WordNet-Based Ontology},
  booktitle = {Fourth {IEEE} International Conference on Self-Adaptive and Self-Organizing
               Systems, {SASO} 2010, Budapest, Hungary, 27 September - 1 October
               2010},
  pages     = {114--123},
  year      = {2010},
  url       = {http://dx.doi.org/10.1109/SASO.2010.35},
  doi       = {10.1109/SASO.2010.35},
  timestamp = {Wed, 24 Sep 2014 16:55:05 +0200},
  biburl    = {http://dblp.uni-trier.de/rec/bib/conf/saso/PianiniVMOV10},
  bibsource = {dblp computer science bibliography, http://dblp.org}
}

@misc{SITESHomepage,
  title = {SITES Swedish Infrastructure for Ecosystem Science Website},
  year  = {2023},
  note  = {Available on line},
  url   = {https://www.fieldsites.se/en-GB/about/about-sites-32652196}
}

@misc{JupyterICOS,
  title = {ICOS Carbon Portal Jupyter Solutions},
  year  = {2023},
  note  = {Available on line},
  url   = {https://icos-carbon-portal.github.io/jupyter/}
}





















